[gd_scene load_steps=5 format=3 uid="uid://dnsnvixbunn07"]

[ext_resource type="PackedScene" uid="uid://cjr3cb0n5gtb2" path="res://components/wall.tscn" id="1_bylhv"]
[ext_resource type="Script" path="res://components/main.gd" id="1_hk4s2"]
[ext_resource type="PackedScene" uid="uid://13dqvi17a5ve" path="res://components/ball.tscn" id="2_dqnnu"]
[ext_resource type="PackedScene" uid="uid://bxhfjkojasdoo" path="res://components/paddle.tscn" id="3_g0c8e"]

[node name="MainScene" type="Node2D"]
script = ExtResource("1_hk4s2")

[node name="InfoScreen" type="Label" parent="."]
offset_left = 402.0
offset_top = 408.0
offset_right = 708.0
offset_bottom = 591.0
size_flags_vertical = 1
theme_override_font_sizes/font_size = 30
vertical_alignment = 1

[node name="WallTop" parent="." instance=ExtResource("1_bylhv")]
metadata/_edit_lock_ = true

[node name="WallBottom" parent="." instance=ExtResource("1_bylhv")]
position = Vector2(576, 643)
metadata/_edit_lock_ = true

[node name="Ball" parent="." instance=ExtResource("2_dqnnu")]
position = Vector2(577, 298)
metadata/_edit_pinned_properties_ = [&"position"]

[node name="PaddleLeft" parent="." instance=ExtResource("3_g0c8e")]
position = Vector2(12, 302)
colour = Color(0.815686, 0.541176, 0.913725, 1)
start_position = Vector2(12, 302)

[node name="PaddleRight" parent="." instance=ExtResource("3_g0c8e")]
position = Vector2(1135, 287)
colour = Color(0.227451, 0.72549, 0.647059, 1)
start_position = Vector2(1135, 287)

[node name="PointsLeft" type="Label" parent="."]
offset_left = 414.0
offset_top = 110.0
offset_right = 454.0
offset_bottom = 193.0
theme_override_font_sizes/font_size = 60
text = "0"
horizontal_alignment = 1
vertical_alignment = 1

[node name="PointsRight" type="Label" parent="."]
offset_left = 665.0
offset_top = 111.0
offset_right = 705.0
offset_bottom = 194.0
theme_override_font_sizes/font_size = 60
text = "0"
horizontal_alignment = 1
vertical_alignment = 1

[node name="MiddleLine" type="ColorRect" parent="."]
offset_left = 575.0
offset_right = 615.0
offset_bottom = 40.0
scale = Vector2(0.0712932, 16.2065)
size_flags_horizontal = 4
size_flags_vertical = 4

[connection signal="reset" from="." to="." method="_on_reset"]
[connection signal="reset" from="." to="Ball" method="_on_main_scene_reset"]
[connection signal="reset" from="." to="PaddleLeft" method="_on_main_scene_reset"]
[connection signal="reset" from="." to="PaddleRight" method="_on_main_scene_reset"]
[connection signal="start" from="." to="." method="_on_start"]
[connection signal="start" from="." to="Ball" method="_on_main_scene_start"]
[connection signal="start" from="." to="PaddleLeft" method="_on_main_scene_start"]
[connection signal="start" from="." to="PaddleRight" method="_on_main_scene_start"]
[connection signal="left_exit" from="Ball" to="." method="_on_ball_left_exit"]
[connection signal="right_exit" from="Ball" to="." method="_on_ball_right_exit"]
